<?xml version="1.0" encoding="UTF-8"?>
<record xmlns="http://www.loc.gov/MARC21/slim" xmlns:xsi="http://www.w3.org/2001/XMLSchema-instance" xsi:schemaLocation="http://www.loc.gov/MARC21/slim http://www.loc.gov/standards/marcxml/schema/MARC21slim.xsd">
<leader>00000cam a22      i 4500</leader>
<controlfield tag="001">001679997</controlfield>
<controlfield tag="003">NNU</controlfield>
<controlfield tag="005">20141121164643.0</controlfield>
<controlfield tag="008">901018s1966    iq       b    000 0dararc</controlfield>
<datafield tag="010" ind1=" " ind2=" ">
<subfield code="a">ne 67000277</subfield>
</datafield>
<datafield tag="035" ind1=" " ind2=" ">
<subfield code="a">(OCoLC)22535719</subfield>
</datafield>
<datafield tag="040" ind1=" " ind2=" ">
<subfield code="a">Princeton Univ. Libr.</subfield>
<subfield code="b">eng</subfield>
<subfield code="c">WAU</subfield>
<subfield code="d">WAU</subfield>
<subfield code="d">OCLCQ</subfield>
<subfield code="d">CUY</subfield>
<subfield code="d">IUL</subfield>
<subfield code="d">OCLCF</subfield>
<subfield code="d">OCLCQ</subfield>
<subfield code="d">NNU</subfield>
</datafield>
<datafield tag="050" ind1=" " ind2="4">
<subfield code="a">PJ6064.A62</subfield>
<subfield code="b">A88</subfield>
</datafield>
<datafield tag="100" ind1="1" ind2=" ">
<subfield code="a">ʻAwwād, Kūrkīs</subfield>
<subfield code="6">880-01</subfield>
</datafield>
<datafield tag="245" ind1="1" ind2="3">
<subfield code="6">880-02</subfield>
<subfield code="a">al-Ab Anastās Mārī al-Kirmilī :</subfield>
<subfield code="b">ḥayātuhu wa-muʼallafatuh, 1866-1947 /</subfield>
<subfield code="c">taʼlīf Kūrkīs ʻAwwād.</subfield>
</datafield>
<datafield tag="246" ind1="1" ind2="5">
<subfield code="a">Arabic philologist; Anastase-Marie the Carmalite (1866-1947) :</subfield>
<subfield code="b">his life and writings</subfield>
</datafield>
<datafield tag="260" ind1=" " ind2=" ">
<subfield code="6">880-03</subfield>
<subfield code="a">Baghdād :</subfield>
<subfield code="b">Maṭbaʻat al-ʻAnī,</subfield>
<subfield code="c">1966.</subfield>
</datafield>
<datafield tag="300" ind1=" " ind2=" ">
<subfield code="a">303 pages ;</subfield>
<subfield code="c">25 cm</subfield>
</datafield>
<datafield tag="336" ind1=" " ind2=" ">
<subfield code="a">text</subfield>
<subfield code="b">txt</subfield>
<subfield code="2">rdacontent</subfield>
</datafield>
<datafield tag="337" ind1=" " ind2=" ">
<subfield code="a">unmediated</subfield>
<subfield code="b">n</subfield>
<subfield code="2">rdamedia</subfield>
</datafield>
<datafield tag="338" ind1=" " ind2=" ">
<subfield code="a">volume</subfield>
<subfield code="b">nc</subfield>
<subfield code="2">rdacarrier</subfield>
</datafield>
<datafield tag="530" ind1=" " ind2=" ">
<subfield code="a">Also issued online.</subfield>
</datafield>
<datafield tag="600" ind1="0" ind2="0">
<subfield code="a">Anistās Mārī,</subfield>
<subfield code="c">al-Karmilī, ab,</subfield>
<subfield code="d">1866-1947</subfield>
<subfield code="6">880-04</subfield>
<subfield code="v">Bio-bibliography.</subfield>
</datafield>
<datafield tag="600" ind1="0" ind2="7">
<subfield code="a">Anistās Mārī,</subfield>
<subfield code="c">al-Karmilī, ab,</subfield>
<subfield code="d">1866-1947</subfield>
<subfield code="2">fast</subfield>
<subfield code="0">(OCoLC)fst00274796</subfield>
</datafield>
<datafield tag="655" ind1=" " ind2="7">
<subfield code="a">Bio-bibliography.</subfield>
<subfield code="2">fast</subfield>
<subfield code="0">(OCoLC)fst01423685</subfield>
</datafield>
<datafield tag="776" ind1="0" ind2="8">
<subfield code="i">Online version:</subfield>
<subfield code="a">ʻAwwād, Kūrkīs.</subfield>
<subfield code="t">Ab Anastās Mārī al-Kirmilī.</subfield>
<subfield code="d">Baghdād, Maṭbaʻat al-ʻAnī, 1966</subfield>
<subfield code="w">(OCoLC)586710119</subfield>
</datafield>
<datafield tag="880" ind1="1" ind2=" ">
<subfield code="6">100-01/</subfield>
<subfield code="a">عواد، كوركيس.</subfield>
</datafield>
<datafield tag="880" ind1="1" ind2="2">
<subfield code="6">245-02/</subfield>
<subfield code="a">الاب انستاس ماري الكرملي :</subfield>
<subfield code="b">حياته ومؤلفاته، 1866-1947 /</subfield>
<subfield code="c">تأليف كوركيس عواد.</subfield>
</datafield>
<datafield tag="880" ind1=" " ind2=" ">
<subfield code="6">260-03/</subfield>
<subfield code="a">بغداد :</subfield>
<subfield code="b">مطبعة العاني،</subfield>
<subfield code="c">1966.</subfield>
</datafield>
<datafield tag="880" ind1="0" ind2="4">
<subfield code="6">600-04/</subfield>
<subfield code="a">انستاس ماري،</subfield>
<subfield code="c">الكرملي، اب،</subfield>
<subfield code="d">1866-1947.</subfield>
</datafield>
<datafield tag="OWN" ind1=" " ind2=" ">
<subfield code="a">GENERAL</subfield>
</datafield>
<datafield tag="AVA" ind1=" " ind2=" ">
<subfield code="a">NYU50</subfield>
<subfield code="b">BOBST</subfield>
<subfield code="c">Main Collection</subfield>
<subfield code="d">PJ7525.A5 A8n</subfield>
<subfield code="e">unavailable</subfield>
<subfield code="t">Unavailable</subfield>
<subfield code="f">1</subfield>
<subfield code="g">1</subfield>
<subfield code="h">N</subfield>
<subfield code="i">0</subfield>
<subfield code="j">MAIN</subfield>
<subfield code="k">0</subfield>
</datafield>
</record>
